<collection xmlns="http://www.loc.gov/MARC21/slim"><record><leader>01163nam0 2200325   450</leader><controlfield tag="001">588</controlfield><controlfield tag="003">http://montalegre.opacnet.com/OPAC/default.aspx?ContentAreaControl=ShowRegHoldings.ascx&amp;RegNo=16662</controlfield><controlfield tag="005">20</controlfield><datafield tag="020" ind1=" " ind2=" "><subfield code="a">PT</subfield></datafield><datafield tag="100" ind1=" " ind2=" "><subfield code="a">20061013d1993----k  y0pory0103    ba</subfield></datafield><datafield tag="101" ind1="0" ind2=" "><subfield code="a">por</subfield></datafield><datafield tag="102" ind1=" " ind2=" "><subfield code="a">PT</subfield></datafield><datafield tag="200" ind1="1" ind2=" "><subfield code="a">&lt;O &gt;País Barrosão - 3.Os Rios</subfield><subfield code="f">José Dias Baptista</subfield></datafield><datafield tag="210" ind1=" " ind2=" "><subfield code="a">Montalegre</subfield><subfield code="c">Câmara Municipal de Montalegre</subfield><subfield code="d">1993</subfield></datafield><datafield tag="215" ind1=" " ind2=" "><subfield code="a">67 p.</subfield><subfield code="c">ilustrado</subfield><subfield code="d">21cm</subfield></datafield><datafield tag="225" ind1="2" ind2=" "><subfield code="a">Cadernos Culturais</subfield><subfield code="v">15</subfield></datafield><datafield tag="327" ind1="1" ind2=" "><subfield code="a">Tomo n.º3: Os rios</subfield></datafield><datafield tag="607" ind1=" " ind2=" "><subfield code="a">Barroso</subfield></datafield><datafield tag="675" ind1=" " ind2=" "><subfield code="a">008(469.202)</subfield></datafield><datafield tag="675" ind1=" " ind2=" "><subfield code="a">908(496.202)</subfield></datafield><datafield tag="700" ind1=" " ind2="1"><subfield code="a">Baptista</subfield><subfield code="b">José Dias</subfield><subfield code="f">1941-</subfield></datafield><datafield tag="801" ind1=" " ind2="0"><subfield code="a">PT</subfield><subfield code="b">Biblioteca Municipal de Montalegre</subfield><subfield code="g">RPC</subfield></datafield><datafield tag="856" ind1=" " ind2=" "><subfield code="u">locateMedia.asp?cod=20060519093540&amp;ext=jpg</subfield><subfield code="z">CAPA</subfield></datafield><datafield tag="909" ind1="&#9;" ind2=" "><subfield code="a">8</subfield></datafield><datafield tag="966" ind1=" " ind2=" "><subfield code="a">0015305</subfield><subfield code="l">BMM</subfield><subfield code="s">SCG 008(469.202) BAP paí 15</subfield></datafield><datafield tag="966" ind1=" " ind2=" "><subfield code="a">0015303</subfield><subfield code="l">BMM</subfield><subfield code="s">SCG 008(469.202) BAP paí 15</subfield></datafield><datafield tag="966" ind1=" " ind2=" "><subfield code="a">0014945</subfield><subfield code="l">BMM</subfield><subfield code="s">SCG 908(469.202) BAP paí 15</subfield></datafield><datafield tag="966" ind1=" " ind2=" "><subfield code="a">0015489</subfield><subfield code="l">BMM</subfield><subfield code="s">SCG 908(469.202) BAP paí 15</subfield></datafield><datafield tag="966" ind1=" " ind2=" "><subfield code="a">0016544</subfield><subfield code="l">BMM-PS</subfield><subfield code="s">008(469.202) BAP paí 15</subfield></datafield><datafield tag="966" ind1=" " ind2=" "><subfield code="a">0017204</subfield><subfield code="l">BMM-PS</subfield><subfield code="s">908(469.202) BAP paí 15</subfield></datafield><datafield tag="966" ind1=" " ind2=" "><subfield code="a">0017860</subfield><subfield code="l">BMM</subfield><subfield code="s">SCG 556(469.202) BAP paí 15</subfield></datafield><datafield tag="966" ind1=" " ind2=" "><subfield code="a">0018077</subfield><subfield code="l">BMM</subfield><subfield code="s">SCG 908(469.202) BAP paí 15</subfield></datafield></record></collection>